<record><leader>00000cas a22000007a 4500</leader><controlfield tag="001">11762078</controlfield><controlfield tag="008">850304d18231833pauwr ne      0    0eng d</controlfield><datafield ind1=" " ind2=" " tag="010"><subfield code="a">sn 85054222 </subfield></datafield><datafield ind1=" " ind2=" " tag="040"><subfield code="a">NYG</subfield><subfield code="b">eng</subfield><subfield code="c">NYG</subfield><subfield code="d">NPH</subfield><subfield code="d">NPX</subfield><subfield code="d">CNW</subfield><subfield code="d">OCL</subfield><subfield code="d">OCLCQ</subfield><subfield code="d">OCLCO</subfield></datafield><datafield ind1=" " ind2=" " tag="042"><subfield code="a">msc</subfield></datafield><datafield ind1=" " ind2=" " tag="043"><subfield code="a">n-us-pa</subfield></datafield><datafield ind1="0" ind2="0" tag="245"><subfield code="a">Bradford settler.</subfield></datafield><datafield ind1="3" ind2="0" tag="246"><subfield code="a">Settler</subfield></datafield><datafield ind1=" " ind2=" " tag="260"><subfield code="a">Meansville [i.e. Towanda], Pa. :</subfield><subfield code="b">George Scott</subfield></datafield><datafield ind1=" " ind2=" " tag="300"><subfield code="a">v. ;</subfield><subfield code="c">50 cm.</subfield></datafield><datafield ind1=" " ind2=" " tag="310"><subfield code="a">Weekly</subfield></datafield><datafield ind1="0" ind2=" " tag="362"><subfield code="a">; new ser., v. 1, no. 1 (Aug. 16, 1823)-</subfield></datafield><datafield ind1="1" ind2=" " tag="362"><subfield code="a">Began in 1823; ceased with Mar. 2, 1833 issue.</subfield><subfield code="z">Cf. Gregory, W. Amer. newspapers.</subfield></datafield><datafield ind1=" " ind2=" " tag="500"><subfield code="a">Published as: Settler, &lt;Nov. 8, 1827&gt;.</subfield></datafield><datafield ind1=" " ind2=" " tag="500"><subfield code="a">Imprint varies: Meansville [i.e. Towanda], Pa., 1823-1827; Towanda, Pa., 1828-1833.</subfield></datafield><datafield ind1=" " ind2=" " tag="500"><subfield code="a">Publishers: James P. Bull, 1823-&lt;1830&gt;; Hamlet A. Kerr, &lt;1832&gt;.</subfield></datafield><datafield ind1=" " ind2=" " tag="588"><subfield code="a">Description based on: Vol. 4, no. [52] (Aug. 9, 1823).</subfield></datafield><datafield ind1=" " ind2="0" tag="651"><subfield code="a">Meansville (Pa.)</subfield><subfield code="v">Newspapers.</subfield></datafield><datafield ind1=" " ind2="0" tag="651"><subfield code="a">Towanda (Pa.)</subfield><subfield code="v">Newspapers.</subfield></datafield><datafield ind1=" " ind2="0" tag="651"><subfield code="a">Bradford County (Pa.)</subfield><subfield code="v">Newspapers.</subfield></datafield><datafield ind1=" " ind2=" " tag="752"><subfield code="a">United States</subfield><subfield code="b">Pennsylvania</subfield><subfield code="c">Bradford</subfield><subfield code="d">Towanda.</subfield></datafield><datafield ind1=" " ind2=" " tag="752"><subfield code="a">United States</subfield><subfield code="b">Pennsylvania</subfield><subfield code="c">Bradford</subfield><subfield code="d">Meansville.</subfield></datafield><datafield ind1="0" ind2="0" tag="780"><subfield code="t">Settler (Towanda, Pa. : 1818)</subfield><subfield code="w">(DLC)sn 86081279</subfield><subfield code="w">(OCoLC)13430719</subfield></datafield><datafield ind1="0" ind2="0" tag="785"><subfield code="t">Northern banner (Towanda, Pa.)</subfield><subfield code="w">(DLC)sn 86081277</subfield></datafield></record>